@article {AuYeung,
    AUTHOR = {Au-Yeung, Yik Hoi and Tsing, Nam-Kiu},
     TITLE = {An extension of the {H}ausdorff-{T}oeplitz theorem on the
              numerical range},
   JOURNAL = {Proc. Amer. Math. Soc.},
  FJOURNAL = {Proceedings of the American Mathematical Society},
    VOLUME = {89},
      YEAR = {1983},
    NUMBER = {2},
     PAGES = {215--218},
      ISSN = {0002-9939},
     CODEN = {PAMYAR},
   MRCLASS = {15A60 (15A51 47A12)},
  MRNUMBER = {712625 (85f:15021)},
MRREVIEWER = {Adolf Rhodius},
       DOI = {10.2307/2044904},
       URL = {http://dx.doi.org.proxy.library.ucsb.edu:2048/10.2307/2044904},
}



@article {Baker,
    AUTHOR = {Wills, Michael D. and Baker, Douglas},
     TITLE = {When are extreme points enough?},
   JOURNAL = {J. Convex Anal.},
  FJOURNAL = {Journal of Convex Analysis},
    VOLUME = {17},
      YEAR = {2010},
    NUMBER = {2},
     PAGES = {565--582},
      ISSN = {0944-6532},
   MRCLASS = {52A07 (46A55)},
  MRNUMBER = {2675663 (2011f:52003)},
MRREVIEWER = {Mircea Balaj},
}

@article {Artin,
    AUTHOR = {Artin, Emil},
     TITLE = {\"{U}ber die {Z}erlegung definiter {F}unktionen in {Q}uadrate},
   JOURNAL = {Abh. Math. Sem. Univ. Hamburg},
  FJOURNAL = {Abhandlungen aus dem Mathematischen Seminar der Universit\"at
              Hamburg},
    VOLUME = {5},
      YEAR = {1927},
    NUMBER = {1},
     PAGES = {100--115},
      ISSN = {0025-5858},
     CODEN = {AMHAAJ},
   MRCLASS = {Contributed Item},
  MRNUMBER = {3069468},
       DOI = {10.1007/BF02952513},
       URL = {http://dx.doi.org.proxy.library.ucsb.edu:2048/10.1007/BF02952513},
}

@incollection {Tarski,
    AUTHOR = {Tarski, Alfred},
     TITLE = {A decision method for elementary algebra and geometry},
 BOOKTITLE = {Quantifier elimination and cylindrical algebraic decomposition
              ({L}inz, 1993)},
    SERIES = {Texts Monogr. Symbol. Comput.},
     PAGES = {24--84},
 PUBLISHER = {Springer},
   ADDRESS = {Vienna},
      YEAR = {1998},
   MRCLASS = {01A75 (03B25 03C10 03C60 03C62 12L05)},
  MRNUMBER = {1634189},
}

@article {Krivine,
    AUTHOR = {Krivine, J.-L.},
     TITLE = {Anneaux pr\'eordonn\'es},
   JOURNAL = {J. Analyse Math.},
  FJOURNAL = {Journal d'Analyse Math\'ematique},
    VOLUME = {12},
      YEAR = {1964},
     PAGES = {307--326},
      ISSN = {0021-7670},
   MRCLASS = {13.98 (46.55)},
  MRNUMBER = {0175937 (31 \#213)},
MRREVIEWER = {R. C. Lyndon},
}

@article {Stengle,
    AUTHOR = {Stengle, Gilbert},
     TITLE = {A nullstellensatz and a positivstellensatz in semialgebraic
              geometry},
   JOURNAL = {Math. Ann.},
  FJOURNAL = {Mathematische Annalen},
    VOLUME = {207},
      YEAR = {1974},
     PAGES = {87--97},
      ISSN = {0025-5831},
   MRCLASS = {12D15 (14A25)},
  MRNUMBER = {0332747 (48 \#11073)},
MRREVIEWER = {E. Graham Evans, Jr.},
}



@book {Spivak,
    AUTHOR = {Spivak, Michael},
     TITLE = {Calculus on manifolds. {A} modern approach to classical
              theorems of advanced calculus},
 PUBLISHER = {W. A. Benjamin, Inc., New York-Amsterdam},
      YEAR = {1965},
     PAGES = {xii+144},
   MRCLASS = {26.20 (57.00)},
  MRNUMBER = {0209411 (35 \#309)},
MRREVIEWER = {C. B. Allendoerfer},
}


@incollection {Pisier,
    AUTHOR = {Pisier, G.},
     TITLE = {Remarques sur un r\'esultat non publi\'e de {B}. {M}aurey},
 BOOKTITLE = {Seminar on {F}unctional {A}nalysis, 1980--1981},
     PAGES = {Exp. No. V, 13},
 PUBLISHER = {\'Ecole Polytech.},
   ADDRESS = {Palaiseau},
      YEAR = {1981},
   MRCLASS = {46B20},
  MRNUMBER = {659306 (83h:46026)},
MRREVIEWER = {D. J. H. Garling},
}

@article {LiPoon,
    AUTHOR = {Li, Chi-Kwong and Poon, Yiu-Tung},
     TITLE = {Generalized numerical ranges and quantum error correction},
   JOURNAL = {J. Operator Theory},
  FJOURNAL = {Journal of Operator Theory},
    VOLUME = {66},
      YEAR = {2011},
    NUMBER = {2},
     PAGES = {335--351},
      ISSN = {0379-4024},
   MRCLASS = {47A12 (15A60 94B27)},
  MRNUMBER = {2844468 (2012j:47018)},
}

@article {Sard,
    AUTHOR = {Sard, Arthur},
     TITLE = {Images of critical sets},
   JOURNAL = {Ann. of Math. (2)},
  FJOURNAL = {Annals of Mathematics. Second Series},
    VOLUME = {68},
      YEAR = {1958},
     PAGES = {247--259},
      ISSN = {0003-486X},
   MRCLASS = {26.00},
  MRNUMBER = {0100063 (20 \#6499)},
MRREVIEWER = {K. Krickeberg},
}



@article {BindingLi,
    AUTHOR = {Binding, Paul and Li, Chi-Kwong},
     TITLE = {Joint ranges of {H}ermitian matrices and simultaneous
              diagonalization},
   JOURNAL = {Linear Algebra Appl.},
  FJOURNAL = {Linear Algebra and its Applications},
    VOLUME = {151},
      YEAR = {1991},
     PAGES = {157--167},
      ISSN = {0024-3795},
     CODEN = {LAAPAW},
   MRCLASS = {47A12 (15A60)},
  MRNUMBER = {1102147 (92d:47006)},
MRREVIEWER = {John Duncan},
       DOI = {10.1016/0024-3795(91)90361-Y},
       URL = {http://dx.doi.org.proxy.library.ucsb.edu:2048/10.1016/0024-3795(91)90361-Y},
}






@preamble{
   "\def\cprime{$'$} "
}
@book {NestNem,
    AUTHOR = {Nesterov, Yurii and Nemirovskii, Arkadii},
     TITLE = {Interior-point polynomial algorithms in convex programming},
    SERIES = {SIAM Studies in Applied Mathematics},
    VOLUME = {13},
 PUBLISHER = {Society for Industrial and Applied Mathematics (SIAM)},
   ADDRESS = {Philadelphia, PA},
      YEAR = {1994},
     PAGES = {x+405},
      ISBN = {0-89871-319-6},
   MRCLASS = {90-02 (65K05 90C25)},
  MRNUMBER = {1258086 (94m:90005)},
MRREVIEWER = {E. G. Gol{\cprime}shte{\u\i}n},
       DOI = {10.1137/1.9781611970791},
       URL = {http://dx.doi.org.proxy.library.ucsb.edu:2048/10.1137/1.9781611970791},
}


@book {BoydVandBook,
    AUTHOR = {Boyd, Stephen and Vandenberghe, Lieven},
     TITLE = {Convex optimization},
 PUBLISHER = {Cambridge University Press},
   ADDRESS = {Cambridge},
      YEAR = {2004},
     PAGES = {xiv+716},
      ISBN = {0-521-83378-7},
   MRCLASS = {90-01 (90C05 90C25 90C46 90C51)},
  MRNUMBER = {2061575 (2005d:90002)},
MRREVIEWER = {Dan Butnariu},
}

@article {MR2600247,
    AUTHOR = {Netzer, Tim and Plaumann, Daniel and Schweighofer, Markus},
     TITLE = {Exposed faces of semidefinitely representable sets},
   JOURNAL = {SIAM J. Optim.},
  FJOURNAL = {SIAM Journal on Optimization},
    VOLUME = {20},
      YEAR = {2010},
    NUMBER = {4},
     PAGES = {1944--1955},
      ISSN = {1052-6234},
   MRCLASS = {90C22 (14P10 15A39 93D09)},
  MRNUMBER = {2600247 (2011c:90061)},
       DOI = {10.1137/090750196},
       URL = {http://dx.doi.org.proxy.library.ucsb.edu:2048/10.1137/090750196},
}

@incollection {Claus,
    AUTHOR = {Scheiderer, Claus},
     TITLE = {Positivity and sums of squares: a guide to recent results},
 BOOKTITLE = {Emerging applications of algebraic geometry},
    SERIES = {IMA Vol. Math. Appl.},
    VOLUME = {149},
     PAGES = {271--324},
 PUBLISHER = {Springer},
   ADDRESS = {New York},
      YEAR = {2009},
   MRCLASS = {14P10 (11E25 13J30 44A60)},
  MRNUMBER = {2500469 (2010h:14092)},
MRREVIEWER = {Igor Klep},
       DOI = {10.1007/978-0-387-09686-5_8},
       URL = {http://dx.doi.org.proxy.library.ucsb.edu:2048/10.1007/978-0-387-09686-5_8},
}

@article {BoydVand,
    AUTHOR = {Vandenberghe, Lieven and Boyd, Stephen},
     TITLE = {Semidefinite programming},
   JOURNAL = {SIAM Rev.},
  FJOURNAL = {SIAM Review. A Publication of the Society for Industrial and
              Applied Mathematics},
    VOLUME = {38},
      YEAR = {1996},
    NUMBER = {1},
     PAGES = {49--95},
      ISSN = {0036-1445},
     CODEN = {SIREAD},
   MRCLASS = {90-02 (90C25)},
  MRNUMBER = {1379041 (96m:90005)},
MRREVIEWER = {Henry Wolkowicz},
       DOI = {10.1137/1038003},
       URL = {http://dx.doi.org.proxy.library.ucsb.edu:2048/10.1137/1038003},
}

@ARTICLE{KlepSchw,
   author = {{Klep}, I. and {Schweighofer}, M.},
    title = "{An exact duality theory for semidefinite programming based on sums of squares}",
  journal = {ArXiv e-prints},
archivePrefix = "arXiv",
   eprint = {1207.1691},
 primaryClass = "math.OC",
 keywords = {Mathematics - Optimization and Control, 13J30, 90C22, 15A22, 14P10, 15A48, 15A39},
     year = 2012,
    month = jul,
   adsurl = {http://adsabs.harvard.edu/abs/2012arXiv1207.1691K},
  adsnote = {Provided by the SAO/NASA Astrophysics Data System}
}


@article {blek1,
    AUTHOR = {Blekherman, Grigoriy},
     TITLE = {Convexity properties of the cone of nonnegative polynomials},
   JOURNAL = {Discrete Comput. Geom.},
  FJOURNAL = {Discrete \& Computational Geometry. An International Journal
              of Mathematics and Computer Science},
    VOLUME = {32},
      YEAR = {2004},
    NUMBER = {3},
     PAGES = {345--371},
      ISSN = {0179-5376},
     CODEN = {DCGEER},
   MRCLASS = {22E46 (26C05 52A20)},
  MRNUMBER = {2081630 (2005g:22013)},
MRREVIEWER = {Stephen Slebarski},
       DOI = {10.1007/s00454-004-1090-x},
       URL = {http://dx.doi.org.proxy.library.ucsb.edu:2048/10.1007/s00454-004-1090-x},
}

@article {blek2,
    AUTHOR = {Blekherman, Grigoriy},
     TITLE = {There are significantly more nonnegative polynomials than sums
              of squares},
   JOURNAL = {Israel J. Math.},
  FJOURNAL = {Israel Journal of Mathematics},
    VOLUME = {153},
      YEAR = {2006},
     PAGES = {355--380},
      ISSN = {0021-2172},
     CODEN = {ISJMAP},
   MRCLASS = {14P99 (14Q99)},
  MRNUMBER = {2254649 (2007f:14062)},
MRREVIEWER = {Stephen Slebarski},
       DOI = {10.1007/BF02771790},
       URL = {http://dx.doi.org.proxy.library.ucsb.edu:2048/10.1007/BF02771790},
}

@article {blek3,
    AUTHOR = {Blekherman, Grigoriy},
     TITLE = {Nonnegative polynomials and sums of squares},
   JOURNAL = {J. Amer. Math. Soc.},
  FJOURNAL = {Journal of the American Mathematical Society},
    VOLUME = {25},
      YEAR = {2012},
    NUMBER = {3},
     PAGES = {617--635},
      ISSN = {0894-0347},
   MRCLASS = {13J30 (14P05 44A60)},
  MRNUMBER = {2904568},
MRREVIEWER = {Markus Schweighofer},
       DOI = {10.1090/S0894-0347-2012-00733-4},
       URL = {http://dx.doi.org.proxy.library.ucsb.edu:2048/10.1090/S0894-0347-2012-00733-4},
}


@inproceedings{DBLP:conf/cdc/RechtXH08,
  author    = {Benjamin Recht and
               Weiyu Xu and
               Babak Hassibi},
  title     = {Necessary and sufficient conditions for success of the nuclear
               norm heuristic for rank minimization},
  booktitle = {CDC},
  year      = {2008},
  pages     = {3065-3070},
  ee        = {http://dx.doi.org/10.1109/CDC.2008.4739332},
  crossref  = {DBLP:conf/cdc/2008},
  bibsource = {DBLP, http://dblp.uni-trier.de}
}


@proceedings{DBLP:conf/cdc/2008,
  title     = {Proceedings of the 47th IEEE Conference on Decision and
               Control, CDC 2008, December 9-11, 2008, Canc{\'u}n, M{\'e}xico},
  booktitle = {CDC},
  publisher = {IEEE},
  year      = {2008},
  bibsource = {DBLP, http://dblp.uni-trier.de}
}




@article {RE,
    AUTHOR = {Cand{\`e}s, Emmanuel J. and Recht, Benjamin},
     TITLE = {Exact matrix completion via convex optimization},
   JOURNAL = {Found. Comput. Math.},
  FJOURNAL = {Foundations of Computational Mathematics. The Journal of the
              Society for the Foundations of Computational Mathematics},
    VOLUME = {9},
      YEAR = {2009},
    NUMBER = {6},
     PAGES = {717--772},
      ISSN = {1615-3375},
   MRCLASS = {90C25 (15A83 90C22)},
  MRNUMBER = {2565240},
MRREVIEWER = {Gunter Semmler},
       DOI = {10.1007/s10208-009-9045-5},
       URL = {http://dx.doi.org/10.1007/s10208-009-9045-5},
}

@article {HE2,
    AUTHOR = {Helton, J. W. and Kronewitter, F. Dell and McEneaney, W. M.
              and Stankus, Mark},
     TITLE = {Singularly perturbed control systems using non-commutative
              computer algebra},
      NOTE = {George Zames commemorative issue},
   JOURNAL = {Internat. J. Robust Nonlinear Control},
  FJOURNAL = {International Journal of Robust and Nonlinear Control},
    VOLUME = {10},
      YEAR = {2000},
    NUMBER = {11-12},
     PAGES = {983--1003},
      ISSN = {1049-8923},
     CODEN = {IJRCEA},
   MRCLASS = {93C70 (65-04 93-04 93B40)},
  MRNUMBER = {1786378 (2001i:93067)},
       DOI =
              {10.1002/1099-1239(200009/10)10:11/12<983::AID-RNC535>3.0.CO;2-#},
       URL =
              {http://dx.doi.org/10.1002/1099-1239(200009/10)10:11/12<983::AID-RNC535>3.0.CO;2-#},
}

@article {HE,
    AUTHOR = {Helton, J. William},
     TITLE = {``{P}ositive'' noncommutative polynomials are sums of squares},
   JOURNAL = {Ann. of Math. (2)},
  FJOURNAL = {Annals of Mathematics. Second Series},
    VOLUME = {156},
      YEAR = {2002},
    NUMBER = {2},
     PAGES = {675--694},
      ISSN = {0003-486X},
     CODEN = {ANMAAH},
   MRCLASS = {12D15 (15A48)},
  MRNUMBER = {1933721 (2003k:12002)},
MRREVIEWER = {Danielle Gondard-Cozette},
       DOI = {10.2307/3597203},
       URL = {http://dx.doi.org/10.2307/3597203},
}

@book {LO,
    AUTHOR = {Lothaire, M.},
     TITLE = {Combinatorics on words},
    SERIES = {Cambridge Mathematical Library},
      NOTE = {With a foreword by Roger Lyndon and a preface by Dominique
              Perrin,
              Corrected reprint of the 1983 original, with a new preface by
              Perrin},
 PUBLISHER = {Cambridge University Press},
   ADDRESS = {Cambridge},
      YEAR = {1997},
     PAGES = {xviii+238},
      ISBN = {0-521-59924-5},
   MRCLASS = {68R15 (03D03 03D40 05A99 20M05)},
  MRNUMBER = {1475463 (98g:68134)},
       DOI = {10.1017/CBO9780511566097},
       URL = {http://dx.doi.org/10.1017/CBO9780511566097},
}

@incollection {HECTRL,
    AUTHOR = {de Oliveira, Mauricio C. and Helton, J. William and
              McCullough, Scott A. and Putinar, Mihai},
     TITLE = {Engineering systems and free semi-algebraic geometry},
 BOOKTITLE = {Emerging applications of algebraic geometry},
    SERIES = {IMA Vol. Math. Appl.},
    VOLUME = {149},
     PAGES = {17--61},
 PUBLISHER = {Springer},
   ADDRESS = {New York},
      YEAR = {2009},
   MRCLASS = {93B25 (14P10 93-04)},
  MRNUMBER = {2500463 (2010d:93045)},
MRREVIEWER = {Jan M. Verschelde},
}

@article {PIR,
    AUTHOR = {Pironio, S. and Navascu{\'e}s, M. and Ac{\'{\i}}n, A.},
     TITLE = {Convergent relaxations of polynomial optimization problems
              with noncommuting variables},
   JOURNAL = {SIAM J. Optim.},
  FJOURNAL = {SIAM Journal on Optimization},
    VOLUME = {20},
      YEAR = {2010},
    NUMBER = {5},
     PAGES = {2157--2180},
      ISSN = {1052-6234},
   MRCLASS = {90C22 (81Q99)},
  MRNUMBER = {2650843},
MRREVIEWER = {Bogdan Dumitrescu},
       DOI = {10.1137/090760155},
       URL = {http://dx.doi.org/10.1137/090760155},
}

@book {PRSTL,
    AUTHOR = {Prestel, Alexander and Delzell, Charles N.},
     TITLE = {Positive polynomials},
    SERIES = {Springer Monographs in Mathematics},
      NOTE = {From Hilbert's 17th problem to real algebra},
 PUBLISHER = {Springer-Verlag},
   ADDRESS = {Berlin},
      YEAR = {2001},
     PAGES = {viii+267},
      ISBN = {3-540-41215-8},
   MRCLASS = {13J30 (12D15 14P99)},
  MRNUMBER = {1829790 (2002k:13044)},
MRREVIEWER = {Danielle Gondard-Cozette},
}

@article {FAZ,
    AUTHOR = {Recht, Benjamin and Fazel, Maryam and Parrilo, Pablo A.},
     TITLE = {Guaranteed minimum-rank solutions of linear matrix equations
              via nuclear norm minimization},
   JOURNAL = {SIAM Rev.},
  FJOURNAL = {SIAM Review},
    VOLUME = {52},
      YEAR = {2010},
    NUMBER = {3},
     PAGES = {471--501},
      ISSN = {0036-1445},
   MRCLASS = {90C25 (15A24)},
  MRNUMBER = {2680543},
       DOI = {10.1137/070697835},
       URL = {http://dx.doi.org/10.1137/070697835},
}

@article {CandTao,
    AUTHOR = {Cand{\`e}s, Emmanuel J. and Tao, Terence},
     TITLE = {The power of convex relaxation: near-optimal matrix
              completion},
   JOURNAL = {IEEE Trans. Inform. Theory},
  FJOURNAL = {Institute of Electrical and Electronics Engineers.
              Transactions on Information Theory},
    VOLUME = {56},
      YEAR = {2010},
    NUMBER = {5},
     PAGES = {2053--2080},
      ISSN = {0018-9448},
     CODEN = {IETTAW},
   MRCLASS = {15A83 (60B20 90C22 90C46 94A12)},
  MRNUMBER = {2723472 (2012d:15058)},
MRREVIEWER = {Tian Zhou Xu},
       DOI = {10.1109/TIT.2010.2044061},
       URL = {http://dx.doi.org.proxy.library.ucsb.edu:2048/10.1109/TIT.2010.2044061},
}



@article {DAN,
    AUTHOR = {D'Angelo, John P. and Lebl, Ji{\v{r}}{\'{\i}}},
     TITLE = {Pfister's theorem fails in the {H}ermitian case},
   JOURNAL = {Proc. Amer. Math. Soc.},
  FJOURNAL = {Proceedings of the American Mathematical Society},
    VOLUME = {140},
      YEAR = {2012},
    NUMBER = {4},
     PAGES = {1151--1157},
      ISSN = {0002-9939},
     CODEN = {PAMYAR},
   MRCLASS = {12D15 (14P05 15B57 32V20)},
  MRNUMBER = {2869101},
MRREVIEWER = {Murray Marshall},
       DOI = {10.1090/S0002-9939-2011-10841-4},
       URL = {http://dx.doi.org.proxy.library.ucsb.edu:2048/10.1090/S0002-9939-2011-10841-4},
}

@article {PFIST,
    AUTHOR = {Pfister, Albrecht},
     TITLE = {Zur {D}arstellung definiter {F}unktionen als {S}umme von
              {Q}uadraten},
   JOURNAL = {Invent. Math.},
  FJOURNAL = {Inventiones Mathematicae},
    VOLUME = {4},
      YEAR = {1967},
     PAGES = {229--237},
      ISSN = {0020-9910},
   MRCLASS = {10.46},
  MRNUMBER = {0222043 (36 \#5095)},
MRREVIEWER = {D. J. Lewis},
}

@article {Gut1,
    AUTHOR = {Gutkin, Eugene and Jonckheere, Edmond A. and Karow, Michael},
     TITLE = {Convexity of the joint numerical range: topological and
              differential geometric viewpoints},
   JOURNAL = {Linear Algebra Appl.},
  FJOURNAL = {Linear Algebra and its Applications},
    VOLUME = {376},
      YEAR = {2004},
     PAGES = {143--171},
      ISSN = {0024-3795},
     CODEN = {LAAPAW},
   MRCLASS = {15A60 (52A05)},
  MRNUMBER = {2014890 (2004i:15021)},
MRREVIEWER = {Hiroshi Nakazato},
       DOI = {10.1016/j.laa.2003.06.011},
       URL = {http://dx.doi.org.proxy.library.ucsb.edu:2048/10.1016/j.laa.2003.06.011},
}

@article {Poon1,
    AUTHOR = {Li, Chi-Kwong and Poon, Yiu-Tung},
     TITLE = {Convexity of the joint numerical range},
   JOURNAL = {SIAM J. Matrix Anal. Appl.},
  FJOURNAL = {SIAM Journal on Matrix Analysis and Applications},
    VOLUME = {21},
      YEAR = {1999},
    NUMBER = {2},
     PAGES = {668--678},
      ISSN = {0895-4798},
     CODEN = {SJMAEL},
   MRCLASS = {15A60},
  MRNUMBER = {1742818 (2001a:15029)},
MRREVIEWER = {Hiroshi Nakazato},
       DOI = {10.1137/S0895479898343516},
       URL = {http://dx.doi.org.proxy.library.ucsb.edu:2048/10.1137/S0895479898343516},
}

@article {Poon2,
    AUTHOR = {Poon, Yiu Tung},
     TITLE = {Generalized numerical ranges, joint positive definiteness and
              multiple eigenvalues},
   JOURNAL = {Proc. Amer. Math. Soc.},
  FJOURNAL = {Proceedings of the American Mathematical Society},
    VOLUME = {125},
      YEAR = {1997},
    NUMBER = {6},
     PAGES = {1625--1634},
      ISSN = {0002-9939},
     CODEN = {PAMYAR},
   MRCLASS = {15A60 (15A18 47A12)},
  MRNUMBER = {1372044 (97g:15030)},
MRREVIEWER = {Yik-Hoi Au-Yeung},
       DOI = {10.1090/S0002-9939-97-03781-7},
       URL = {http://dx.doi.org.proxy.library.ucsb.edu:2048/10.1090/S0002-9939-97-03781-7},
}

@article {Put0,
    AUTHOR = {Putinar, Mihai},
     TITLE = {Positive polynomials on compact semi-algebraic sets},
   JOURNAL = {Indiana Univ. Math. J.},
  FJOURNAL = {Indiana University Mathematics Journal},
    VOLUME = {42},
      YEAR = {1993},
    NUMBER = {3},
     PAGES = {969--984},
      ISSN = {0022-2518},
     CODEN = {IUMJAB},
   MRCLASS = {47A57 (14P10 44A60 47B20)},
  MRNUMBER = {1254128 (95h:47014)},
MRREVIEWER = {Ameer Athavale},
       DOI = {10.1512/iumj.1993.42.42045},
       URL = {http://dx.doi.org.proxy.library.ucsb.edu:2048/10.1512/iumj.1993.42.42045},
}

@article {Lass1,
    AUTHOR = {Lasserre, Jean B.},
     TITLE = {Global optimization with polynomials and the problem of
              moments},
   JOURNAL = {SIAM J. Optim.},
  FJOURNAL = {SIAM Journal on Optimization},
    VOLUME = {11},
      YEAR = {2000/01},
    NUMBER = {3},
     PAGES = {796--817 (electronic)},
      ISSN = {1052-6234},
   MRCLASS = {90C26 (90C22)},
  MRNUMBER = {1814045 (2002b:90054)},
MRREVIEWER = {Jos F. Sturm},
       DOI = {10.1137/S1052623400366802},
       URL = {http://dx.doi.org.proxy.library.ucsb.edu:2048/10.1137/S1052623400366802},
}

@unpublished{PirRecent,
   AUTHOR  = {Pironio,S. and Navascues,M. and Garcia-Saez,A. and Acin,A. and Plenio,M.B.},
   TITLE   = {A paradox in bosonic energy computations via semidefinite programming relaxations},
   YEAR    = {2012},
   JOURNAL = {},
   VOLUME  = {},
   NUMBER  = {},
   PAGES   = {},
   NOTE = {arXiv:1203.3777}
}

@INCOLLECTION{billbook,
   author = {Harrison, M.},
   title = {Pfister's Theorem fails in the free case},
   booktitle = {Mathematical Methods in Systems, Optimization and Control},
   publisher = {Birkh{\"a}user Basel},
   editor = {Putinar, M. and De Oliveira, M. and Dym, H.},
   edition = {},
   year = {2012},
   pages = {189--194},
   key = {Chicago},
   }





@article {chimp,
    AUTHOR = {Cimpri{\v{c}}, Jaka},
     TITLE = {A method for computing lowest eigenvalues of symmetric
              polynomial differential operators by semidefinite programming},
   JOURNAL = {J. Math. Anal. Appl.},
  FJOURNAL = {Journal of Mathematical Analysis and Applications},
    VOLUME = {369},
      YEAR = {2010},
    NUMBER = {2},
     PAGES = {443--452},
      ISSN = {0022-247X},
     CODEN = {JMANAK},
   MRCLASS = {65K05 (14A20 90C22)},
  MRNUMBER = {2651693 (2011j:65124)},
MRREVIEWER = {Warren L. Hare},
       DOI = {10.1016/j.jmaa.2010.03.045},
       URL = {http://dx.doi.org/10.1016/j.jmaa.2010.03.045},
}

@incollection {NieQC,
    AUTHOR = {Nie, Jiawang},
     TITLE = {Convex hulls of quadratically parameterized sets with
              quadratic constraints},
 BOOKTITLE = {Mathematical methods in systems, optimization, and control},
    SERIES = {Oper. Theory Adv. Appl.},
    VOLUME = {222},
     PAGES = {247--258},
 PUBLISHER = {Birkh\"auser/Springer Basel AG, Basel},
      YEAR = {2012},
   MRCLASS = {14P10 (90C22 90C25)},
  MRNUMBER = {2962787},
MRREVIEWER = {Didier Henrion},
       DOI = {10.1007/978-3-0348-0411-0_18},
       URL = {http://dx.doi.org.proxy.library.ucsb.edu:2048/10.1007/978-3-0348-0411-0_18},
}

@article {Handy,
    AUTHOR = {Handy, Carlos R. and Bessis, Daniel},
     TITLE = {Rapidly convergent lower bounds for the
              {S}chr\"odinger-equation ground-state energy},
   JOURNAL = {Phys. Rev. Lett.},
  FJOURNAL = {Physical Review Letters},
    VOLUME = {55},
      YEAR = {1985},
    NUMBER = {9},
     PAGES = {931--934},
      ISSN = {0031-9007},
     CODEN = {PRLTAO},
   MRCLASS = {81C15 (44A60)},
  MRNUMBER = {799107 (86h:81032)},
       DOI = {10.1103/PhysRevLett.55.931},
       URL = {http://dx.doi.org/10.1103/PhysRevLett.55.931},
}

@article {konrad1,
    AUTHOR = {Schm{\"u}dgen, Konrad},
     TITLE = {The {$K$}-moment problem for compact semi-algebraic sets},
   JOURNAL = {Math. Ann.},
  FJOURNAL = {Mathematische Annalen},
    VOLUME = {289},
      YEAR = {1991},
    NUMBER = {2},
     PAGES = {203--206},
      ISSN = {0025-5831},
     CODEN = {MAANA},
   MRCLASS = {44A60 (14P10)},
  MRNUMBER = {1092173 (92b:44011)},
MRREVIEWER = {Gilbert Stengle},
       DOI = {10.1007/BF01446568},
       URL = {http://dx.doi.org.proxy.library.ucsb.edu:2048/10.1007/BF01446568},
}


@article {konrad,
    AUTHOR = {Schm{\"u}dgen, Konrad},
     TITLE = {A strict {P}ositivstellensatz for the {W}eyl algebra},
   JOURNAL = {Math. Ann.},
  FJOURNAL = {Mathematische Annalen},
    VOLUME = {331},
      YEAR = {2005},
    NUMBER = {4},
     PAGES = {779--794},
      ISSN = {0025-5831},
     CODEN = {MAANA},
   MRCLASS = {47L60 (16S32)},
  MRNUMBER = {2148796 (2007h:47127)},
MRREVIEWER = {Francesco Tschinke},
       DOI = {10.1007/s00208-004-0604-4},
       URL = {http://dx.doi.org.proxy.library.ucsb.edu:2048/10.1007/s00208-004-0604-4},
}

%Here are some recent additions; let's see if it fucks shit up.

@article {BlekhMaxEnt,
    AUTHOR = {Blekherman, G. and Lasserre, J. B.},
     TITLE = {The truncated {K}-moment problem for closure of open sets},
   JOURNAL = {J. Funct. Anal.},
  FJOURNAL = {Journal of Functional Analysis},
    VOLUME = {263},
      YEAR = {2012},
    NUMBER = {11},
     PAGES = {3604--3616},
      ISSN = {0022-1236},
     CODEN = {JFUAAW},
   MRCLASS = {47Bxx (44Axx)},
  MRNUMBER = {2984077},
       DOI = {10.1016/j.jfa.2012.09.001},
       URL = {http://dx.doi.org.proxy.library.ucsb.edu:2048/10.1016/j.jfa.2012.09.001},
}

@article {LassBlekh,
    AUTHOR = {Blekherman, G. and Lasserre, J. B.},
     TITLE = {The truncated {K}-moment problem for closure of open sets},
   JOURNAL = {J. Funct. Anal.},
  FJOURNAL = {Journal of Functional Analysis},
    VOLUME = {263},
      YEAR = {2012},
    NUMBER = {11},
     PAGES = {3604--3616},
      ISSN = {0022-1236},
     CODEN = {JFUAAW},
   MRCLASS = {44A60 (30E05 46N10 47A57 52A20)},
  MRNUMBER = {2984077},
MRREVIEWER = {Mirta M. Castro Smirnova},
       DOI = {10.1016/j.jfa.2012.09.001},
       URL = {http://dx.doi.org.proxy.library.ucsb.edu:2048/10.1016/j.jfa.2012.09.001},
}



@article {Ambrozie,
    AUTHOR = {Ambrozie, Calin-Grigore},
     TITLE = {Multivariate truncated moments problems and maximum entropy},
   JOURNAL = {Anal. Math. Phys.},
  FJOURNAL = {Analysis and Mathematical Physics},
    VOLUME = {3},
      YEAR = {2013},
    NUMBER = {2},
     PAGES = {145--161},
      ISSN = {1664-2368},
   MRCLASS = {44A60 (94A17)},
  MRNUMBER = {3057235},
MRREVIEWER = {A. Bultheel},
       DOI = {10.1007/s13324-012-0052-3},
       URL = {http://dx.doi.org.proxy.library.ucsb.edu:2048/10.1007/s13324-012-0052-3},
}


@book {Akhiezer,
    AUTHOR = {Akhiezer, N. I.},
     TITLE = {The classical moment problem and some related questions in
              analysis},
    SERIES = {Translated by N. Kemmer},
 PUBLISHER = {Hafner Publishing Co., New York},
      YEAR = {1965},
     PAGES = {x+253},
   MRCLASS = {44.60},
  MRNUMBER = {0184042 (32 \#1518)},
}

@article {LassCH,
    AUTHOR = {Lasserre, J. B.},
     TITLE = {Certificates of convexity for basic semi-algebraic sets},
   JOURNAL = {Appl. Math. Lett.},
  FJOURNAL = {Applied Mathematics Letters. An International Journal of Rapid
              Publication},
    VOLUME = {23},
      YEAR = {2010},
    NUMBER = {8},
     PAGES = {912--916},
      ISSN = {0893-9659},
     CODEN = {AMLEEL},
   MRCLASS = {52B55 (14P15 90C22)},
  MRNUMBER = {2651473 (2011d:52029)},
       DOI = {10.1016/j.aml.2010.04.009},
       URL = {http://dx.doi.org.proxy.library.ucsb.edu:2048/10.1016/j.aml.2010.04.009},
}

@incollection {Bernd,
    AUTHOR = {Ranestad, Kristian and Sturmfels, Bernd},
     TITLE = {The convex hull of a variety},
 BOOKTITLE = {Notions of positivity and the geometry of polynomials},
    SERIES = {Trends Math.},
     PAGES = {331--344},
 PUBLISHER = {Birkh\"auser/Springer Basel AG, Basel},
      YEAR = {2011},
   MRCLASS = {14Pxx (52A20)},
  MRNUMBER = {3051174},
       DOI = {10.1007/978-3-0348-0142-3_18},
       URL = {http://dx.doi.org.proxy.library.ucsb.edu:2048/10.1007/978-3-0348-0142-3_18},
}

@article {GloptiPoly,
    AUTHOR = {Henrion, Didier and Lasserre, Jean-Bernard and L{\"o}fberg,
              Johan},
     TITLE = {Glopti{P}oly 3: moments, optimization and semidefinite
              programming},
   JOURNAL = {Optim. Methods Softw.},
  FJOURNAL = {Optimization Methods \& Software},
    VOLUME = {24},
      YEAR = {2009},
    NUMBER = {4-5},
     PAGES = {761--779},
      ISSN = {1055-6788},
   MRCLASS = {90C26 (65K05 90-08 90C22)},
  MRNUMBER = {2554910 (2010i:90086)},
       DOI = {10.1080/10556780802699201},
       URL = {http://dx.doi.org.proxy.library.ucsb.edu:2048/10.1080/10556780802699201},
}

@article {LassHen,
    AUTHOR = {Henrion, D. and Lasserre, J. B. and Savorgnan, C.},
     TITLE = {Approximate volume and integration for basic semialgebraic
              sets},
   JOURNAL = {SIAM Rev.},
  FJOURNAL = {SIAM Review},
    VOLUME = {51},
      YEAR = {2009},
    NUMBER = {4},
     PAGES = {722--743},
      ISSN = {0036-1445},
     CODEN = {SIREAD},
   MRCLASS = {14P10 (11E25 12D15 90C25)},
  MRNUMBER = {2563831 (2011c:14152)},
       DOI = {10.1137/080730287},
       URL = {http://dx.doi.org.proxy.library.ucsb.edu:2048/10.1137/080730287},
}

@article {LassOG,
    AUTHOR = {Lasserre, Jean B.},
     TITLE = {Global optimization with polynomials and the problem of
              moments},
   JOURNAL = {SIAM J. Optim.},
  FJOURNAL = {SIAM Journal on Optimization},
    VOLUME = {11},
      YEAR = {2000/01},
    NUMBER = {3},
     PAGES = {796--817},
      ISSN = {1052-6234},
     CODEN = {SJOPE8},
   MRCLASS = {90C26 (90C22)},
  MRNUMBER = {1814045 (2002b:90054)},
MRREVIEWER = {Jos F. Sturm},
       DOI = {10.1137/S1052623400366802},
       URL = {http://dx.doi.org.proxy.library.ucsb.edu:2048/10.1137/S1052623400366802},
}

%and here are some more

@book {LINALG,
    AUTHOR = {Axler, Sheldon},
     TITLE = {Linear algebra done right},
    SERIES = {Undergraduate Texts in Mathematics},
   EDITION = {Second},
 PUBLISHER = {Springer-Verlag},
   ADDRESS = {New York},
      YEAR = {1997},
     PAGES = {xvi+251},
      ISBN = {0-387-98258-2},
   MRCLASS = {15-01 (47-01)},
  MRNUMBER = {1482226 (98i:15001)},
MRREVIEWER = {K. Chandrasekhara Rao},
}

@article {Arapura,
    AUTHOR = {Arapura, Donu and Peterson, Chris},
     TITLE = {The common invariant subspace problem: an approach via
              {G}r\"obner bases},
   JOURNAL = {Linear Algebra Appl.},
  FJOURNAL = {Linear Algebra and its Applications},
    VOLUME = {384},
      YEAR = {2004},
     PAGES = {1--7},
      ISSN = {0024-3795},
     CODEN = {LAAPAW},
   MRCLASS = {15A18 (14M15)},
  MRNUMBER = {2055339 (2005c:15013)},
MRREVIEWER = {Vladimir L. Popov},
       DOI = {10.1016/j.laa.2003.03.001},
       URL = {http://dx.doi.org.proxy.library.ucsb.edu:2048/10.1016/j.laa.2003.03.001},
}

@article {Helton-Nie,
    AUTHOR = {Helton, J. William and Nie, Jiawang},
     TITLE = {Semidefinite representation of convex sets},
   JOURNAL = {Math. Program.},
  FJOURNAL = {Mathematical Programming. A Publication of the Mathematical
              Programming Society},
    VOLUME = {122},
      YEAR = {2010},
    NUMBER = {1, Ser. A},
     PAGES = {21--64},
      ISSN = {0025-5610},
   MRCLASS = {90C22 (90C25)},
  MRNUMBER = {2533752 (2010j:90103)},
MRREVIEWER = {Alexander Engau},
       DOI = {10.1007/s10107-008-0240-y},
       URL = {http://dx.doi.org.proxy.library.ucsb.edu:2048/10.1007/s10107-008-0240-y},
}



@article {Tsats,
    AUTHOR = {Tsatsomeros, Michael},
     TITLE = {A criterion for the existence of common invariant subspaces of
              matrices},
   JOURNAL = {Linear Algebra Appl.},
  FJOURNAL = {Linear Algebra and its Applications},
    VOLUME = {322},
      YEAR = {2001},
    NUMBER = {1-3},
     PAGES = {51--59},
      ISSN = {0024-3795},
     CODEN = {LAAPAW},
   MRCLASS = {15A75 (47A15)},
  MRNUMBER = {1804113 (2001k:15042)},
MRREVIEWER = {Gordon Wilson MacDonald},
       DOI = {10.1016/S0024-3795(00)00237-8},
       URL = {http://dx.doi.org.proxy.library.ucsb.edu:2048/10.1016/S0024-3795(00)00237-8},
}


@book {Barvinok,
    AUTHOR = {Barvinok, Alexander},
     TITLE = {A course in convexity},
    SERIES = {Graduate Studies in Mathematics},
    VOLUME = {54},
 PUBLISHER = {American Mathematical Society},
   ADDRESS = {Providence, RI},
      YEAR = {2002},
     PAGES = {x+366},
      ISBN = {0-8218-2968-8},
   MRCLASS = {52-02 (49N15 52-01 90-02 90C05 90C22 90C25)},
  MRNUMBER = {1940576 (2003j:52001)},
MRREVIEWER = {P. McMullen},
}

@book {Basu,
    AUTHOR = {Basu, Saugata and Pollack, Richard and Roy,
              Marie-Fran{\c{c}}oise},
     TITLE = {Algorithms in real algebraic geometry},
    SERIES = {Algorithms and Computation in Mathematics},
    VOLUME = {10},
   EDITION = {Second},
 PUBLISHER = {Springer-Verlag},
   ADDRESS = {Berlin},
      YEAR = {2006},
     PAGES = {x+662},
      ISBN = {978-3-540-33098-1; 3-540-33098-4},
   MRCLASS = {14P10 (03C10 52C45 68Q25 68W30)},
  MRNUMBER = {2248869 (2007b:14125)},
}

@book {RAG,
    AUTHOR = {Bochnak, Jacek and Coste, Michel and Roy,
              Marie-Fran{\c{c}}oise},
     TITLE = {Real algebraic geometry},
    SERIES = {Ergebnisse der Mathematik und ihrer Grenzgebiete (3) [Results
              in Mathematics and Related Areas (3)]},
    VOLUME = {36},
      NOTE = {Translated from the 1987 French original,
              Revised by the authors},
 PUBLISHER = {Springer-Verlag},
   ADDRESS = {Berlin},
      YEAR = {1998},
     PAGES = {x+430},
      ISBN = {3-540-64663-9},
   MRCLASS = {14Pxx (11E25 32C05 58A07)},
  MRNUMBER = {1659509 (2000a:14067)},
MRREVIEWER = {A. Tognoli},
}

@incollection {RezChoiLam,
    AUTHOR = {Choi, M. D. and Lam, T. Y. and Reznick, B.},
     TITLE = {Sums of squares of real polynomials},
 BOOKTITLE = {{$K$}-theory and algebraic geometry: connections with
              quadratic forms and division algebras ({S}anta {B}arbara,
              {CA}, 1992)},
    SERIES = {Proc. Sympos. Pure Math.},
    VOLUME = {58},
     PAGES = {103--126},
 PUBLISHER = {Amer. Math. Soc.},
   ADDRESS = {Providence, RI},
      YEAR = {1995},
   MRCLASS = {11E25 (12E99)},
  MRNUMBER = {1327293 (96f:11058)},
MRREVIEWER = {Anant R. Rajwade},
}

@book {CLO,
    AUTHOR = {Cox, David and Little, John and O'Shea, Donal},
     TITLE = {Ideals, varieties, and algorithms},
    SERIES = {Undergraduate Texts in Mathematics},
   EDITION = {Second},
      NOTE = {An introduction to computational algebraic geometry and
              commutative algebra},
 PUBLISHER = {Springer-Verlag},
   ADDRESS = {New York},
      YEAR = {1997},
     PAGES = {xiv+536},
      ISBN = {0-387-94680-2},
   MRCLASS = {13P10 (13-01 14-01 14Qxx 68Q40)},
  MRNUMBER = {1417938 (97h:13024)},
}

@book {Dym,
    AUTHOR = {Dym, Harry},
     TITLE = {Linear algebra in action},
    SERIES = {Graduate Studies in Mathematics},
    VOLUME = {78},
 PUBLISHER = {American Mathematical Society},
   ADDRESS = {Providence, RI},
      YEAR = {2007},
     PAGES = {xvi+541},
      ISBN = {978-0-8218-3813-6; 0-8218-3813-X},
   MRCLASS = {15-01 (26-01 30-01 34-01 39-01 52-01 93-01)},
  MRNUMBER = {2289254 (2007m:15001)},
MRREVIEWER = {Joseph A. Ball},
}

@book {SDPTome,
    AUTHOR = {de Klerk, Etienne},
     TITLE = {Aspects of semidefinite programming},
    SERIES = {Applied Optimization},
    VOLUME = {65},
      NOTE = {Interior point algorithms and selected applications},
 PUBLISHER = {Kluwer Academic Publishers},
   ADDRESS = {Dordrecht},
      YEAR = {2002},
     PAGES = {xvi+283},
      ISBN = {1-4020-0547-4},
   MRCLASS = {90-02 (90C22 90C51)},
  MRNUMBER = {2064921 (2005a:90001)},
}

@book {PrestelDelzell,
    AUTHOR = {Prestel, Alexander and Delzell, Charles N.},
     TITLE = {Positive polynomials},
    SERIES = {Springer Monographs in Mathematics},
      NOTE = {From Hilbert's 17th problem to real algebra},
 PUBLISHER = {Springer-Verlag},
   ADDRESS = {Berlin},
      YEAR = {2001},
     PAGES = {viii+267},
      ISBN = {3-540-41215-8},
   MRCLASS = {13J30 (12D15 14P99)},
  MRNUMBER = {1829790 (2002k:13044)},
MRREVIEWER = {Danielle Gondard-Cozette},
}

@article {RamanaFaces,
    AUTHOR = {Ramana, Motakuri and Goldman, A. J.},
     TITLE = {Some geometric results in semidefinite programming},
   JOURNAL = {J. Global Optim.},
  FJOURNAL = {Journal of Global Optimization. An International Journal
              Dealing with Theoretical and Computational Aspects of Seeking
              Global Optima and Their Applications in Science, Management
              and Engineering},
    VOLUME = {7},
      YEAR = {1995},
    NUMBER = {1},
     PAGES = {33--50},
      ISSN = {0925-5001},
     CODEN = {JGOPEO},
   MRCLASS = {90C30 (90C08)},
  MRNUMBER = {1342934 (96i:90059)},
MRREVIEWER = {Rados{\l}aw Pytlak},
       DOI = {10.1007/BF01100204},
       URL = {http://dx.doi.org.proxy.library.ucsb.edu:2048/10.1007/BF01100204},
}

@book {Rockafellar,
    AUTHOR = {Rockafellar, R. Tyrrell},
     TITLE = {Convex analysis},
    SERIES = {Princeton Mathematical Series, No. 28},
 PUBLISHER = {Princeton University Press},
   ADDRESS = {Princeton, N.J.},
      YEAR = {1970},
     PAGES = {xviii+451},
   MRCLASS = {26.52 (46.00)},
  MRNUMBER = {0274683 (43 \#445)},
MRREVIEWER = {Ky Fan},
}

@article {MR3057235,
    AUTHOR = {Ambrozie, Calin -Grigore},
     TITLE = {Multivariate truncated moments problems and maximum entropy},
   JOURNAL = {Anal. Math. Phys.},
  FJOURNAL = {Analysis and Mathematical Physics},
    VOLUME = {3},
      YEAR = {2013},
    NUMBER = {2},
     PAGES = {145--161},
      ISSN = {1664-2368},
   MRCLASS = {Preliminary Data},
  MRNUMBER = {3057235},
       DOI = {10.1007/s13324-012-0052-3},
       URL = {http://dx.doi.org.proxy.library.ucsb.edu:2048/10.1007/s13324-012-0052-3},
}

@article {MR3005301,
    AUTHOR = {Gutkin, Eugene and {\.Z}yczkowski, Karol},
     TITLE = {Joint numerical ranges, quantum maps, and joint numerical
              shadows},
   JOURNAL = {Linear Algebra Appl.},
  FJOURNAL = {Linear Algebra and its Applications},
    VOLUME = {438},
      YEAR = {2013},
    NUMBER = {5},
     PAGES = {2394--2404},
      ISSN = {0024-3795},
     CODEN = {LAAPAW},
   MRCLASS = {15B57 (51N10 81P16)},
  MRNUMBER = {3005301},
       DOI = {10.1016/j.laa.2012.10.043},
       URL = {http://dx.doi.org.proxy.library.ucsb.edu:2048/10.1016/j.laa.2012.10.043},
}

@INPROCEEDINGS {YALMIP,
    AUTHOR = { J. L\"{o}fberg },
    TITLE = { YALMIP : A Toolbox for Modeling and Optimization in {MATLAB} },
    BOOKTITLE = { Proceedings of the CACSD Conference },
    YEAR = { 2004 },
    NOTE = {URL: http://users.isy.liu.se/johanl/yalmip },
    ADDRESS = { Taipei, Taiwan },
}

@manual{sostools,
author = {S. Prajna and A. Papachristodoulou and P. Seiler and P. A. Parrilo},
title = {{SOSTOOLS}: Sum of squares optimization toolbox for {MATLAB}},
howpublished = {Available from \texttt{http://www.cds.caltech.edu/sostools} 
and \texttt{http://www.mit.edu/\~{}parrilo/sostools}},
year = {2004},
}

@TECHREPORT{Ramana95quadraticmaps,
    author = {Motakuri Ramana and A.J. Goldman},
    title = {Quadratic Maps with Convex Images},
    institution = {RUTCOR},
    year = {1995}
}

@unpublished{BarvinokQ,
author = {Barvinok, A.},
title = {Convexity of the image of a quadratic map via the relative entropy distance},
note = {Submitted},
arXiv = {arXiv:1305.0243v1},
}

@incollection {RezPow,
    AUTHOR = {Powers, Victoria and Reznick, Bruce},
     TITLE = {Notes towards a constructive proof of {H}ilbert's theorem on
              ternary quartics},
 BOOKTITLE = {Quadratic forms and their applications ({D}ublin, 1999)},
    SERIES = {Contemp. Math.},
    VOLUME = {272},
     PAGES = {209--227},
 PUBLISHER = {Amer. Math. Soc.},
   ADDRESS = {Providence, RI},
      YEAR = {2000},
   MRCLASS = {11E76 (11E20)},
  MRNUMBER = {1803369 (2001h:11049)},
MRREVIEWER = {Anant R. Rajwade},
       DOI = {10.1090/conm/272/04405},
       URL = {http://dx.doi.org.proxy.library.ucsb.edu:2048/10.1090/conm/272/04405},
}

@article {RezNewt,
    AUTHOR = {Reznick, Bruce},
     TITLE = {Extremal {PSD} forms with few terms},
   JOURNAL = {Duke Math. J.},
  FJOURNAL = {Duke Mathematical Journal},
    VOLUME = {45},
      YEAR = {1978},
    NUMBER = {2},
     PAGES = {363--374},
      ISSN = {0012-7094},
   MRCLASS = {10C25},
  MRNUMBER = {0480338 (58 \#511)},
MRREVIEWER = {Peter Gruber},
}





