@article {HE,
    AUTHOR = {Helton, J. W. and Kronewitter, F. Dell and McEneaney, W. M.
              and Stankus, Mark},
     TITLE = {Singularly perturbed control systems using non-commutative
              computer algebra},
      NOTE = {George Zames commemorative issue},
   JOURNAL = {Internat. J. Robust Nonlinear Control},
  FJOURNAL = {International Journal of Robust and Nonlinear Control},
    VOLUME = {10},
      YEAR = {2000},
    NUMBER = {11-12},
     PAGES = {983--1003},
      ISSN = {1049-8923},
     CODEN = {IJRCEA},
   MRCLASS = {93C70 (65-04 93-04 93B40)},
  MRNUMBER = {1786378 (2001i:93067)},
       DOI =
              {10.1002/1099-1239(200009/10)10:11/12<983::AID-RNC535>3.0.CO;2-#},
       URL =
              {http://dx.doi.org/10.1002/1099-1239(200009/10)10:11/12<983::AID-RNC535>3.0.CO;2-#},
}

@article {BE,
    AUTHOR = {Helton, J. William},
     TITLE = {``{P}ositive'' noncommutative polynomials are sums of squares},
   JOURNAL = {Ann. of Math. (2)},
  FJOURNAL = {Annals of Mathematics. Second Series},
    VOLUME = {156},
      YEAR = {2002},
    NUMBER = {2},
     PAGES = {675--694},
      ISSN = {0003-486X},
     CODEN = {ANMAAH},
   MRCLASS = {12D15 (15A48)},
  MRNUMBER = {1933721 (2003k:12002)},
MRREVIEWER = {Danielle Gondard-Cozette},
       DOI = {10.2307/3597203},
       URL = {http://dx.doi.org/10.2307/3597203},
}

@incollection {CE,
    AUTHOR = {de Oliveira, Mauricio C. and Helton, J. William and
              McCullough, Scott A. and Putinar, Mihai},
     TITLE = {Engineering systems and free semi-algebraic geometry},
 BOOKTITLE = {Emerging applications of algebraic geometry},
    SERIES = {IMA Vol. Math. Appl.},
    VOLUME = {149},
     PAGES = {17--61},
 PUBLISHER = {Springer},
   ADDRESS = {New York},
      YEAR = {2009},
   MRCLASS = {93B25 (14P10 93-04)},
  MRNUMBER = {2500463 (2010d:93045)},
MRREVIEWER = {Jan M. Verschelde},
}