@inproceedings{DBLP:conf/cdc/RechtXH08,
  author    = {Benjamin Recht and
               Weiyu Xu and
               Babak Hassibi},
  title     = {Necessary and sufficient conditions for success of the nuclear
               norm heuristic for rank minimization},
  booktitle = {CDC},
  year      = {2008},
  pages     = {3065-3070},
  ee        = {http://dx.doi.org/10.1109/CDC.2008.4739332},
  crossref  = {DBLP:conf/cdc/2008},
  bibsource = {DBLP, http://dblp.uni-trier.de}
}


@proceedings{DBLP:conf/cdc/2008,
  title     = {Proceedings of the 47th IEEE Conference on Decision and
               Control, CDC 2008, December 9-11, 2008, Canc{\'u}n, M{\'e}xico},
  booktitle = {CDC},
  publisher = {IEEE},
  year      = {2008},
  bibsource = {DBLP, http://dblp.uni-trier.de}
}




@article {RE,
    AUTHOR = {Cand{\`e}s, Emmanuel J. and Recht, Benjamin},
     TITLE = {Exact matrix completion via convex optimization},
   JOURNAL = {Found. Comput. Math.},
  FJOURNAL = {Foundations of Computational Mathematics. The Journal of the
              Society for the Foundations of Computational Mathematics},
    VOLUME = {9},
      YEAR = {2009},
    NUMBER = {6},
     PAGES = {717--772},
      ISSN = {1615-3375},
   MRCLASS = {90C25 (15A83 90C22)},
  MRNUMBER = {2565240},
MRREVIEWER = {Gunter Semmler},
       DOI = {10.1007/s10208-009-9045-5},
       URL = {http://dx.doi.org/10.1007/s10208-009-9045-5},
}

@article {HE2,
    AUTHOR = {Helton, J. W. and Kronewitter, F. Dell and McEneaney, W. M.
              and Stankus, Mark},
     TITLE = {Singularly perturbed control systems using non-commutative
              computer algebra},
      NOTE = {George Zames commemorative issue},
   JOURNAL = {Internat. J. Robust Nonlinear Control},
  FJOURNAL = {International Journal of Robust and Nonlinear Control},
    VOLUME = {10},
      YEAR = {2000},
    NUMBER = {11-12},
     PAGES = {983--1003},
      ISSN = {1049-8923},
     CODEN = {IJRCEA},
   MRCLASS = {93C70 (65-04 93-04 93B40)},
  MRNUMBER = {1786378 (2001i:93067)},
       DOI =
              {10.1002/1099-1239(200009/10)10:11/12<983::AID-RNC535>3.0.CO;2-#},
       URL =
              {http://dx.doi.org/10.1002/1099-1239(200009/10)10:11/12<983::AID-RNC535>3.0.CO;2-#},
}

@article {HE,
    AUTHOR = {Helton, J. William},
     TITLE = {``{P}ositive'' noncommutative polynomials are sums of squares},
   JOURNAL = {Ann. of Math. (2)},
  FJOURNAL = {Annals of Mathematics. Second Series},
    VOLUME = {156},
      YEAR = {2002},
    NUMBER = {2},
     PAGES = {675--694},
      ISSN = {0003-486X},
     CODEN = {ANMAAH},
   MRCLASS = {12D15 (15A48)},
  MRNUMBER = {1933721 (2003k:12002)},
MRREVIEWER = {Danielle Gondard-Cozette},
       DOI = {10.2307/3597203},
       URL = {http://dx.doi.org/10.2307/3597203},
}

@book {LO,
    AUTHOR = {Lothaire, M.},
     TITLE = {Combinatorics on words},
    SERIES = {Cambridge Mathematical Library},
      NOTE = {With a foreword by Roger Lyndon and a preface by Dominique
              Perrin,
              Corrected reprint of the 1983 original, with a new preface by
              Perrin},
 PUBLISHER = {Cambridge University Press},
   ADDRESS = {Cambridge},
      YEAR = {1997},
     PAGES = {xviii+238},
      ISBN = {0-521-59924-5},
   MRCLASS = {68R15 (03D03 03D40 05A99 20M05)},
  MRNUMBER = {1475463 (98g:68134)},
       DOI = {10.1017/CBO9780511566097},
       URL = {http://dx.doi.org/10.1017/CBO9780511566097},
}

@incollection {HECTRL,
    AUTHOR = {de Oliveira, Mauricio C. and Helton, J. William and
              McCullough, Scott A. and Putinar, Mihai},
     TITLE = {Engineering systems and free semi-algebraic geometry},
 BOOKTITLE = {Emerging applications of algebraic geometry},
    SERIES = {IMA Vol. Math. Appl.},
    VOLUME = {149},
     PAGES = {17--61},
 PUBLISHER = {Springer},
   ADDRESS = {New York},
      YEAR = {2009},
   MRCLASS = {93B25 (14P10 93-04)},
  MRNUMBER = {2500463 (2010d:93045)},
MRREVIEWER = {Jan M. Verschelde},
}

@article {PIR,
    AUTHOR = {Pironio, S. and Navascu{\'e}s, M. and Ac{\'{\i}}n, A.},
     TITLE = {Convergent relaxations of polynomial optimization problems
              with noncommuting variables},
   JOURNAL = {SIAM J. Optim.},
  FJOURNAL = {SIAM Journal on Optimization},
    VOLUME = {20},
      YEAR = {2010},
    NUMBER = {5},
     PAGES = {2157--2180},
      ISSN = {1052-6234},
   MRCLASS = {90C22 (81Q99)},
  MRNUMBER = {2650843},
MRREVIEWER = {Bogdan Dumitrescu},
       DOI = {10.1137/090760155},
       URL = {http://dx.doi.org/10.1137/090760155},
}

@book {PRSTL,
    AUTHOR = {Prestel, Alexander and Delzell, Charles N.},
     TITLE = {Positive polynomials},
    SERIES = {Springer Monographs in Mathematics},
      NOTE = {From Hilbert's 17th problem to real algebra},
 PUBLISHER = {Springer-Verlag},
   ADDRESS = {Berlin},
      YEAR = {2001},
     PAGES = {viii+267},
      ISBN = {3-540-41215-8},
   MRCLASS = {13J30 (12D15 14P99)},
  MRNUMBER = {1829790 (2002k:13044)},
MRREVIEWER = {Danielle Gondard-Cozette},
}

@article {FAZ,
    AUTHOR = {Recht, Benjamin and Fazel, Maryam and Parrilo, Pablo A.},
     TITLE = {Guaranteed minimum-rank solutions of linear matrix equations
              via nuclear norm minimization},
   JOURNAL = {SIAM Rev.},
  FJOURNAL = {SIAM Review},
    VOLUME = {52},
      YEAR = {2010},
    NUMBER = {3},
     PAGES = {471--501},
      ISSN = {0036-1445},
   MRCLASS = {90C25 (15A24)},
  MRNUMBER = {2680543},
       DOI = {10.1137/070697835},
       URL = {http://dx.doi.org/10.1137/070697835},
}

@article {DAN,
    AUTHOR = {D'Angelo, John P. and Lebl, Jiri},
     TITLE = {Pfister's theorem fails in the Hermitian Case},
   JOURNAL = {to appear in Proc. Amer. Math. Soc.},
  FJOURNAL = {Proceedings of the American Mathematical Society},
    
}


@article {PFIST,
    AUTHOR = {Pfister, Albrecht},
     TITLE = {Zur {D}arstellung definiter {F}unktionen als {S}umme von
              {Q}uadraten},
   JOURNAL = {Invent. Math.},
  FJOURNAL = {Inventiones Mathematicae},
    VOLUME = {4},
      YEAR = {1967},
     PAGES = {229--237},
      ISSN = {0020-9910},
   MRCLASS = {10.46},
  MRNUMBER = {0222043 (36 \#5095)},
MRREVIEWER = {D. J. Lewis},
}

@article {Gut1,
    AUTHOR = {Gutkin, Eugene and Jonckheere, Edmond A. and Karow, Michael},
     TITLE = {Convexity of the joint numerical range: topological and
              differential geometric viewpoints},
   JOURNAL = {Linear Algebra Appl.},
  FJOURNAL = {Linear Algebra and its Applications},
    VOLUME = {376},
      YEAR = {2004},
     PAGES = {143--171},
      ISSN = {0024-3795},
     CODEN = {LAAPAW},
   MRCLASS = {15A60 (52A05)},
  MRNUMBER = {2014890 (2004i:15021)},
MRREVIEWER = {Hiroshi Nakazato},
       DOI = {10.1016/j.laa.2003.06.011},
       URL = {http://dx.doi.org.proxy.library.ucsb.edu:2048/10.1016/j.laa.2003.06.011},
}

@article {Poon1,
    AUTHOR = {Li, Chi-Kwong and Poon, Yiu-Tung},
     TITLE = {Convexity of the joint numerical range},
   JOURNAL = {SIAM J. Matrix Anal. Appl.},
  FJOURNAL = {SIAM Journal on Matrix Analysis and Applications},
    VOLUME = {21},
      YEAR = {1999},
    NUMBER = {2},
     PAGES = {668--678},
      ISSN = {0895-4798},
     CODEN = {SJMAEL},
   MRCLASS = {15A60},
  MRNUMBER = {1742818 (2001a:15029)},
MRREVIEWER = {Hiroshi Nakazato},
       DOI = {10.1137/S0895479898343516},
       URL = {http://dx.doi.org.proxy.library.ucsb.edu:2048/10.1137/S0895479898343516},
}

@article {Poon2,
    AUTHOR = {Poon, Yiu Tung},
     TITLE = {Generalized numerical ranges, joint positive definiteness and
              multiple eigenvalues},
   JOURNAL = {Proc. Amer. Math. Soc.},
  FJOURNAL = {Proceedings of the American Mathematical Society},
    VOLUME = {125},
      YEAR = {1997},
    NUMBER = {6},
     PAGES = {1625--1634},
      ISSN = {0002-9939},
     CODEN = {PAMYAR},
   MRCLASS = {15A60 (15A18 47A12)},
  MRNUMBER = {1372044 (97g:15030)},
MRREVIEWER = {Yik-Hoi Au-Yeung},
       DOI = {10.1090/S0002-9939-97-03781-7},
       URL = {http://dx.doi.org.proxy.library.ucsb.edu:2048/10.1090/S0002-9939-97-03781-7},
}

@article {Put0,
    AUTHOR = {Putinar, Mihai},
     TITLE = {Positive polynomials on compact semi-algebraic sets},
   JOURNAL = {Indiana Univ. Math. J.},
  FJOURNAL = {Indiana University Mathematics Journal},
    VOLUME = {42},
      YEAR = {1993},
    NUMBER = {3},
     PAGES = {969--984},
      ISSN = {0022-2518},
     CODEN = {IUMJAB},
   MRCLASS = {47A57 (14P10 44A60 47B20)},
  MRNUMBER = {1254128 (95h:47014)},
MRREVIEWER = {Ameer Athavale},
       DOI = {10.1512/iumj.1993.42.42045},
       URL = {http://dx.doi.org.proxy.library.ucsb.edu:2048/10.1512/iumj.1993.42.42045},
}

@article {Lass1,
    AUTHOR = {Lasserre, Jean B.},
     TITLE = {Global optimization with polynomials and the problem of
              moments},
   JOURNAL = {SIAM J. Optim.},
  FJOURNAL = {SIAM Journal on Optimization},
    VOLUME = {11},
      YEAR = {2000/01},
    NUMBER = {3},
     PAGES = {796--817 (electronic)},
      ISSN = {1052-6234},
   MRCLASS = {90C26 (90C22)},
  MRNUMBER = {1814045 (2002b:90054)},
MRREVIEWER = {Jos F. Sturm},
       DOI = {10.1137/S1052623400366802},
       URL = {http://dx.doi.org.proxy.library.ucsb.edu:2048/10.1137/S1052623400366802},
}

@unpublished{PirRecent,
   AUTHOR  = {Pironio,S. and Navascues,M. and Garcia-Saez,A. and Acin,A. and Plenio,M.B.},
   TITLE   = {A paradox in bosonic energy computations via semidefinite programming relaxations},
   YEAR    = {2012},
   JOURNAL = {},
   VOLUME  = {},
   NUMBER  = {},
   PAGES   = {},
   NOTE = {arXiv:1203.3777}
}

@INCOLLECTION{billbook,
   title = "Pfister's Theorem fails in the free case",
   booktitle = "Mathematical Methods in Systems, Optimization and Control"
   publisher = "Birkh$\text{\"{a}}$user Basel",
   author = "Harrison, M.",
   [editor = "Putinar, M. and De Oliveira, M. and Dym, H.",
   edition = {},
   year = 2012,
   pages = "189--194",
   key = "Chicago"]
   }

@INCOLLECTION{billbook1,
AUTHOR       = {Harrison, M.}, 
Editor       = {Putinar, M. and De Oliveira, M. and Dym, H.},
TITLE        = {Pfister's Theorem fails in the free case},
BOOKTITLE    = {Mathematical Methods in Systems, Optimization and Control},
Pages        = {189--194},
Publisher    = {Birkh$\text{\"{a}}$user Basel},
YEAR         = {2012},
Organization = {},
Address      = {},
Month        = {},
Note         = {},
Key          = {}
}




@article {chimp,
    AUTHOR = {Cimpri{\v{c}}, Jaka},
     TITLE = {A method for computing lowest eigenvalues of symmetric
              polynomial differential operators by semidefinite programming},
   JOURNAL = {J. Math. Anal. Appl.},
  FJOURNAL = {Journal of Mathematical Analysis and Applications},
    VOLUME = {369},
      YEAR = {2010},
    NUMBER = {2},
     PAGES = {443--452},
      ISSN = {0022-247X},
     CODEN = {JMANAK},
   MRCLASS = {65K05 (14A20 90C22)},
  MRNUMBER = {2651693 (2011j:65124)},
MRREVIEWER = {Warren L. Hare},
       DOI = {10.1016/j.jmaa.2010.03.045},
       URL = {http://dx.doi.org/10.1016/j.jmaa.2010.03.045},
}

@article {Handy,
    AUTHOR = {Handy, Carlos R. and Bessis, Daniel},
     TITLE = {Rapidly convergent lower bounds for the
              {S}chr\"odinger-equation ground-state energy},
   JOURNAL = {Phys. Rev. Lett.},
  FJOURNAL = {Physical Review Letters},
    VOLUME = {55},
      YEAR = {1985},
    NUMBER = {9},
     PAGES = {931--934},
      ISSN = {0031-9007},
     CODEN = {PRLTAO},
   MRCLASS = {81C15 (44A60)},
  MRNUMBER = {799107 (86h:81032)},
       DOI = {10.1103/PhysRevLett.55.931},
       URL = {http://dx.doi.org/10.1103/PhysRevLett.55.931},
}

@article {konrad,
    AUTHOR = {Schm{\"u}dgen, Konrad},
     TITLE = {A strict {P}ositivstellensatz for the {W}eyl algebra},
   JOURNAL = {Math. Ann.},
  FJOURNAL = {Mathematische Annalen},
    VOLUME = {331},
      YEAR = {2005},
    NUMBER = {4},
     PAGES = {779--794},
      ISSN = {0025-5831},
     CODEN = {MAANA},
   MRCLASS = {47L60 (16S32)},
  MRNUMBER = {2148796 (2007h:47127)},
MRREVIEWER = {Francesco Tschinke},
       DOI = {10.1007/s00208-004-0604-4},
       URL = {http://dx.doi.org.proxy.library.ucsb.edu:2048/10.1007/s00208-004-0604-4},
}
















